@online{dee3mon_RFD_Methodic,
	author = {Д.В.Приходько},
	title = {Методические указания к выполнению БДЗ	«Расчет канала ВЧ-ячейки»
},
	year = 2021,
	url = {https://github.com/dee3mon/Keysight-ADS-RFDevices-methodic/blob/main/PPU.ADS.BDZ.pdf}
}

@online{dee3mon_PCB_Design_Methodic,
	author = {Д.В.Приходько},
	title = {Методические указания к выполнению курсового проекта по курсу <<Проектирование печатных плат>> 
},
	year = 2021,
	url = {https://github.com/dee3mon/altium-methodic}
}

@online{AltiumFastStart,
	title = {Уроки Altium Designer “Быстрый старт”},
	date = {2020},
	organization = {Youtube},
	author = {{Егор Чириков}},
	url = {https://youtube.com/playlist?list=PLHBrByPofbA7_Z_YejNfsCJ1sA-ISrdEq},
}

@online{AltiumKumarin,
	title = {Altium Designer 19 | Уроки },
	date = {2020},
	organization = {Youtube},
	author = {{Алексей Кумарин}},
	url = {https://youtube.com/playlist?list=PLmlMPNPlP5ADdo8GcdvKNdmX27iBy1nZ8},
}

@online{SoftpromRFD,
	title = {Проектирование высокочастотных аналоговых печатных плат},
	date = {2021},
	organization = {Youtube},
	author = {{Егор Зырин}},
	url = {https://www.youtube.com/watch?v=yZoWmWaxRPM&list=PLBDFoqo1XiH8reRpH93OSieLIbyGAapAQ&index=2},
}


@online{HabrComplicatedProject,
	author = {\href{https://habr.com/ru/users/order227/posts/}{Илья}},	
	title = {Altium Designer: что делать если проект стал сложным?},
	year = {2018},
	url = {https://habr.com/ru/post/426951/},
	organization = {habr.com},
}



@online{RezonitPCBTechnology,
	title = {Технология производства печатных плат},
	date = {2021},
	organization = {Youtube},
	author = {Резонит},
	url = {https://youtube.com/playlist?list=PLPEQM0OH9zHzxkZ7HpXVtf2XZN5-aqwfm},
}

@online{SolidFactoryBasic,
	title = {Базовый курс Solidworks},
	date = {2020},
	organization = {Youtube},
	author = {SolidFactory},
	url = {https://youtube.com/playlist?list=PLbMSFBKxOiBMWIFhAIRRW7rYClDYRuQk4},
}

@online{TheOriginalRepo,
	title = {Репозиторий курсового проекта},
	date = {2021},
	organization = {GitHub},
	author = {Ф.Лазба},
	url = {https://github.com/lazbaphilipp/MIET-RF-PCB-Design},
}

@BOOK{Gost.2.004-88,
title = {ГОСТ  2.004-88  Общие  требования  к  выполнению конструкторских  и  технологических  документов  на  печатающих  и графических устройствах вывода ЭВМ},
address = {М.},
publisher = {Стандартинформ},
year = {1988},
language = {russian}
}


@BOOK{Gost.2.051,
	title = {ГОСТ 2.051-2013 Электронные документы. Общие положения;},
	address = {М.},
	publisher = {Стандартинформ},
	year = {2013},
	language = {russian}
}

@BOOK{Gost.2.052,
	title = {ГОСТ  2.052-2006  Электронная  модель  изделия.  Общие положения},
	address = {М.},
	publisher = {Стандартинформ},
	year = {2006},
	language = {russian}
}

@BOOK{Gost.2.0.53,
	title = {ГОСТ  2.053-2013  Электронная  структура  изделия.  Общие положения; },
	address = {М.},
	publisher = {Стандартинформ},
	year = {2013},
	language = {russian}
}

@BOOK{Gost.2.0.55,
	title = {ГОСТ 2.055-2014 Электронная спецификация. Общие положения; },
	address = {М.},
	publisher = {Стандартинформ},
	year = {2014},
	language = {russian}
}

@BOOK{Gost.2.102,
	title = {ГОСТ  2.102-2013  Виды  и  комплектность  конструкторских документов;},
	address = {М.},
	publisher = {Стандартинформ},
	year = {2013},
	language = {russian}
}

@BOOK{Gost.2.103,
	title = {ГОСТ 2.103-2013 Стадии разработки;},
	address = {М.},
	publisher = {Стандартинформ},
	year = {2013},
	language = {russian}
}

@BOOK{Gost.2.104,
	title = {ГОСТ 2.104-2006 Основные надписи;},
	address = {М.},
	publisher = {Стандартинформ},
	year = {2006},
	language = {russian}
}

@BOOK{Gost.2.106,
	title = {ГОСТ 2.106-96 Текстовые документы;},
	address = {М.},
	publisher = {Стандартинформ},
	year = {1996},
	language = {russian}
}

@BOOK{Gost.2.113,
	title = {ГОСТ  2.113-75  Групповые  и  базовые  конструкторские документы;},
	address = {М.},
	publisher = {Стандартинформ},
	year = {1975},
	language = {russian}
}

@BOOK{Gost.2.201,
	title = {ГОСТ  2.201-80  Обозначение  изделий  и  конструкторских документов;},
	address = {М.},
	publisher = {Стандартинформ},
	year = {1980},
	language = {russian}
}

@BOOK{Gost.2.301,
	title = {ГОСТ 2.301-68 Форматы;},
	address = {М.},
	publisher = {Стандартинформ},
	year = {1968},
	language = {russian}
}

@BOOK{Gost.2.413,
	title = {ГОСТ  2.413-72  Правила  выполнения  конструкторской документации  изделий,  изготовляемых  с  применением  электрического монтажа;},
	address = {М.},
	publisher = {Стандартинформ},
	year = {1972},
	language = {russian}
}

@BOOK{Gost.2.503,
	title = {ГОСТ 2.503-2013 Правила внесения изменений;},
	address = {М.},
	publisher = {Стандартинформ},
	year = {2013},
	language = {russian}
}

@BOOK{Gost.2.701,
	title = {ГОСТ  2.701-2008  Схемы.  Виды  и  типы.  Общие  требования  к  выполнению;},
	address = {М.},
	publisher = {Стандартинформ},
	year = {2008},
	language = {russian}
}

@BOOK{RD.107.2,
	title = {РД  107.2.1002-89  Номенклатура  и  коды  прочих  документов  и инструкций; },
	address = {М.},
	publisher = {Стандартинформ},
	year = {1989},
	language = {russian}
}

@BOOK{OST.4.000,
	title = {ОСТ  4.000.030-85  Конструкторская  документация.  Выполнение спецификаций.},
	address = {М.},
	publisher = {Стандартинформ},
	year = {1985},
	language = {russian}
}

@BOOK{Gost.7.0.53,
	title = {ГОСТ Р 7.0.53-2007 Система стандартов по информации, библиотечному и издательскому делу. Издания. Международный стандартный книжный номер. Использование и издательское оформление.},
	address = {М.},
	publisher = {Стандартинформ},
	year = {2007},
	language = {russian}
}

