@BOOK{Chist2012,
	author = {В.Чистюхин},
	title = {Антенно-фидерные устройства},
	address = {Москва},
	publisher = {Миэт},
	year = {2012},
	language = {russian},
	chapter = {1}
}

@BOOK{Sklar2007,
	author = {Б.Скляр},
	title = {Цифровая связь, теоретические основы и практическое применение, изд. 2},
	address = {Москва},
	publisher = {Вильямс},
	year = {2007},
	language = {russian},
	chapter = {5}
}


@online{dee3mon_RFD_Methodic,
	author = {Д.Приходько},
	title = {Методические указания к выполнению БДЗ	«Расчет канала ВЧ-ячейки»},
	year = 2021,
	url = {github.com/dee3mon/Keysight-ADS-RFDevices-methodic/blob/main/PPU.ADS.BDZ.pdf}
}

@BOOK{Kraus1988,
	title = {Antennas, Second Edition},
	address = {Нью Дели},
	publisher = {McGraw-Hill College},
	year = {1988},
	language = {english},
	chapter = {7.19}
}

@online{PaulssonBitarLoRa,
	author={F.Paulsson and I.Bitar},
	title = {An evaluation of coverage models for LoRa (Dissertation)},
	year = {2021},
	url = {urn.kb.se/resolve?urn=urn:nbn:se:hj:diva-54152}
}

@online{KimLee2020,
	author={Seungku Kim and Heonkook Lee and Sungho Jeon},
	title = {An Adaptive Spreading Factor Selection Scheme for a Single Channel LoRa Modem},
	year = {2020},
	url = {https://doi.org/10.3390/s20041008}
}

@online{nti2035,
	title = {Национальная Технологическая Инициатива, официальный сайт},
	url = {nti2035.ru}
}

@booklet{RnSPCT,
	title = {Rohde \& Schwartz PCT, Техническое описание}
}


@online{SX1301DS,
	organization = {Semtech Corp.},
	title = {SX1301 Datasheet},
	url = {www.semtech.com/products/wireless-rf/lora-core/sx1301#datasheets}
}

@online{SX1276DS,
	organization = {Semtech Corp.},
	title = {SX1276 Datasheet},
	url = {www.semtech.com/products/wireless-rf/lora-core/sx1276#datasheets}
}

@BOOK{Gost.2.051,
	title = {ГОСТ 2.051-2013 Электронные документы. Общие положения;},
	address = {М.},
	publisher = {Стандартинформ},
	year = {2013},
	language = {russian}
}

@BOOK{Gost.2.052,
	title = {ГОСТ  2.052-2006  Электронная  модель  изделия.  Общие положения},
	address = {М.},
	publisher = {Стандартинформ},
	year = {2006},
	language = {russian}
}

@BOOK{Gost.2.0.55,
	title = {ГОСТ 2.055-2014 Электронная спецификация. Общие положения; },
	address = {М.},
	publisher = {Стандартинформ},
	year = {2014},
	language = {russian}
}


@BOOK{Gost.2.701,
	title = {ГОСТ  2.701-2008  Схемы.  Виды  и  типы.  Общие  требования  к  выполнению;},
	address = {М.},
	publisher = {Стандартинформ},
	year = {2008},
	language = {russian}
}

